@INPROCEEDINGS{condor,
author={Litzkow, M.J. and Livny, M. and Mutka, M.W.},
booktitle={Distributed Computing Systems, 1988., 8th International Conference
on},
title={Condor-a hunter of idle workstations},
year={1988},
month={jun},
volume={},
number={},
pages={104 -111},
%keywords={Condor scheduling system;design;idle
%workstations;implementation;performance;performance profile;workstation
%environment;distributed processing;scheduling;workstations;},
%doi={10.1109/DCS.1988.12507},
ISSN={},}

@article{plush,
 author = {Albrecht, Jeannie and Tuttle, Christopher and Snoeren, Alex C. and
Vahdat, Amin},
 title = {PlanetLab application management using plush},
 journal = {SIGOPS Oper. Syst. Rev.},
 volume = {40},
 issue = {1},
 month = {January},
 year = {2006},
 issn = {0163-5980},
 pages = {33--40},
 numpages = {8},
% url = {http://doi.acm.org/10.1145/1113361.1113370},
% doi = {http://doi.acm.org/10.1145/1113361.1113370},
 acmid = {1113370},
 publisher = {ACM},
 address = {New York, NY, USA},
} 

@INPROCEEDINGS{smartfrog,
    author = {Patrick Goldsack and Julio Guijarro and Antonio Lain and
    Guillaume Mecheneau and Paul Murray and Peter Toft},
    title = {SmartFrog: Configuration and Automatic Ignition of Distributed
    Applications},
    booktitle = {In: HP Openview University Association Conference (HP OVUA},
    year = {2003},
    pages = {1--9}
}

@misc{vxargs,
  howpublished = "\url{http://vxargs.sourceforge.net/}"
}

@misc{planetlab-website,
  howpublished = "\url{http://planet-lab.org/tools}"
}

@misc{parallel-ssh,
  howpublished = "\url{http://code.google.com/p/parallel-ssh/}"
}


@misc{xargs,
  howpublished = "\url{http://unixhelp.ed.ac.uk/CGI/man-cgi?xargs}"
}

@misc{openssh,
  howpublished = "\url{http://www.openssh.com/}"
}

@article{mapreduce,
 author = {Dean, Jeffrey and Ghemawat, Sanjay},
 title = {MapReduce: simplified data processing on large clusters},
 journal = {Commun. ACM},
 issue_date = {January 2008},
 volume = {51},
 issue = {1},
 month = jan,
 year = {2008},
 issn = {0001-0782},
 pages = {107--113},
 numpages = {7},
 %url = {http://doi.acm.org/10.1145/1327452.1327492},
 %doi = {http://doi.acm.org/10.1145/1327452.1327492},
 acmid = {1327492},
 publisher = {ACM},
 address = {New York, NY, USA},
} 

@article{planetlab-architecture,
 author = {Chun, Brent and Culler, David and Roscoe, Timothy and Bavier, Andy
and Peterson, Larry and Wawrzoniak, Mike and Bowman, Mic},
 title = {PlanetLab: an overlay testbed for broad-coverage services},
 journal = {SIGCOMM Comput. Commun. Rev.},
 volume = {33},
 issue = {3},
 month = {July},
 year = {2003},
 issn = {0146-4833},
 pages = {3--12},
 numpages = {10},
 %url = {http://doi.acm.org/10.1145/956993.956995},
 %doi = {http://doi.acm.org/10.1145/956993.956995},
 %acmid = {956995},
 publisher = {ACM},
 address = {New York, NY, USA},
} 

@article{comon,
 author = {Park, KyoungSoo and Pai, Vivek S.},
 title = {CoMon: a mostly-scalable monitoring system for PlanetLab},
 journal = {SIGOPS Oper. Syst. Rev.},
 volume = {40},
 issue = {1},
 month = {January},
 year = {2006},
 issn = {0163-5980},
 pages = {65--74},
 numpages = {10},
 %url = {http://doi.acm.org/10.1145/1113361.1113374},
 %doi = {http://doi.acm.org/10.1145/1113361.1113374},
 %acmid = {1113374},
 publisher = {ACM},
 address = {New York, NY, USA},
} 

@article{sword,
 author = {Albrecht, Jeannie and Oppenheimer, David and Vahdat, Amin and
Patterson, David A.},
 title = {Design and implementation trade-offs for wide-area resource
discovery},
 journal = {ACM Trans. Internet Technol.},
 volume = {8},
 issue = {4},
 month = {October},
 year = {2008},
 issn = {1533-5399},
 pages = {18:1--18:44},
 articleno = {18},
 numpages = {44},
% url = {http://doi.acm.org/10.1145/1391949.1391952},
% doi = {http://doi.acm.org/10.1145/1391949.1391952},
 %acmid = {1391952},
 publisher = {ACM},
 address = {New York, NY, USA},
 keywords = {PlanetLab, Resource discovery},
} 

@inproceedings{stork,
 author = {Cappos, Justin and Baker, Scott and Plichta, Jeremy and Nyugen, Duy
and Hardies, Jason and Borgard, Matt and Johnston, Jeffry and Hartman, John
H.},
 title = {Stork: package management for distributed VM environments},
 booktitle = {Proceedings of the 21st conference on Large Installation System
Administration Conference},
 year = {2007},
 isbn = {978-1-59327-152-7},
 location = {Dallas},
 pages = {7:1--7:16},
 articleno = {7},
 numpages = {16},
 %url = {http://dl.acm.org/citation.cfm?id=1349426.1349433},
 %acmid = {1349433},
 publisher = {USENIX Association},
 address = {Berkeley, CA, USA},
} 

@misc{puppet,
  howpublished = "\url{http://www.puppetlabs.com/}"
}

@misc{nagios,
  howpublished = "\url{http://www.nagios.org/}"
}

@misc{linuxbase,
  howpublished = "\url{http://www.linuxbase.org/}"
}
